<?xml version="1.0" encoding="UTF-8"?><collection xmlns="http://www.loc.gov/MARC21/slim"><record><leader>00458nam--2200121-i-4500</leader><controlfield tag="001">000042704</controlfield><controlfield tag="002">20161230</controlfield><controlfield tag="005">20161230201043</controlfield><controlfield tag="008">060222s1000------------r-----000-0-eng-d</controlfield><datafield ind1=" " ind2=" " tag="080"><subfield code="a">621.187.2(094)</subfield></datafield><datafield ind1=" " ind2=" " tag="245"><subfield code="a">Prescriptii tehnice pt.verificarea deformatiilor si modificarilor structurale ale conductelor si elementelor cazanelor de abur care functioneaza la temperaturi ridicate. c 29-75. ed.oficiala</subfield></datafield><datafield ind1=" " ind2=" " tag="260"><subfield code="a">Bucuresti, Ed.Tehnica, 1976, 24p</subfield></datafield><datafield ind1=" " ind2=" " tag="852"><subfield code="a">18216</subfield></datafield></record></collection>